<?xml version="1.0" encoding="UTF-8"?><collection xmlns="http://www.loc.gov/MARC21/slim"><record><leader>00405nam--2200121-i-4500</leader><controlfield tag="001">000039369</controlfield><controlfield tag="002">20161230</controlfield><controlfield tag="005">20161230201042</controlfield><controlfield tag="008">060222s1000------------r-----000-0-eng-d</controlfield><datafield ind1=" " ind2=" " tag="080"><subfield code="a">621(021):338.062.18</subfield></datafield><datafield ind1=" " ind2=" " tag="245"><subfield code="a">Pregatirea tehnica si controlul fabricatiei. vol.xv. din masinostroenia (constructia de masini) cap.vii-viii</subfield></datafield><datafield ind1=" " ind2=" " tag="260"><subfield code="a">Bucuresti, Institutul De Documentare Tehnica, 1955, 299p</subfield></datafield><datafield ind1=" " ind2=" " tag="852"><subfield code="a">26255</subfield></datafield></record></collection>